@book{thomas2019pragmatic,
  title={The Pragmatic Programmer: Your journey to mastery, 20th Anniversary Edition},
  author={Thomas, D. and Hunt, A.},
  isbn={9780135956915},
  url={https://books.google.it/books?id=LhOlDwAAQBAJ},
  year={2019},
  publisher={Pearson Education}
}

@software{airflow,
  author = {{The Apache Software Foundation}},
  title = {{Apache Airflow}},
  url = {\url{https://airflow.apache.org/}},
  year = 2014,
}

% Website
% Required fields: 'title' | 'author' | 'howpublished' | 'note'
% Optional fields: 'month' | 'year'
@misc{misc,
  title = {{Title}},
  author = {{Name Surname, Name Surname and Name Surname}},
  howpublished = {\url{https://www.google.com}},
  note = {{Accessed 31/01/2000}},
}


% Book
% Required fields: 'author' or 'editor' | 'title' | 'publisher' | 'year'.
% Optional fields: 'volume' or 'number' | 'series' | 'address' | 'edition' | 'month' | 'note'
@book{book,
  author = {{Name Surname, Name Surname and Name Surname}},
  title = {{Title}},
  publisher = {{University of Trento}},
  year = 1994,
  edition = 2,
}

% Conference
% Required fields: 'author' | 'title' | 'booktitle' | 'year'
% Optional fields: 'editor' | 'volume' or 'number' | 'series' | 'pages' | 'address' | 'month' | 'organization' | 'publisher' | 'note'
@conference{conference,
  author = {{Name Surname, Name Surname and Name Surname}},
  title = {{Title}},
  booktitle = {{University of Trento}},
  address = {{Trento | ITA}},
  year = 2005,
  month = jun,
  pages = {886-893},
}

% Article
% Required fields: 'author' | 'title' | 'journal' | 'year'
% Optional fields: 'volume' | 'number' | 'pages' | 'month' | 'note'
@article{article,
  author = {{Name Surname, Name Surname and Name Surname}},
  title = {{Title}},
  journal = {{University of Trento}},
  volume = 52,
  number = 4,
  pages = {1289-1306},
  year = 2006,
}
